@ONLINE{Fire-what-is,
author = {FIRE},
title = {What is fire},
month = {mei},
year = {2014},
url = {http://www.ict-fire.eu/getting-started/what-is-fire.html}
}

@ONLINE{Geni-what-is,
author = {GENI},
title = {About Geni},
month = {mei},
year = {2014},
url = {https://www.geni.net/?page_id=2}
}

@ONLINE{iMinds-what-is,
author = {iMinds},
title = {OVER IMINDS},
month = {mei},
year = {2014},
url = {http://www.iminds.be/nl/over-ons}
}

@ONLINE{iminds-FED4FIRE,
author = {iMinds},
title = {FEDERATION FOR FIRE},
month = {mei},
year = {2014},
url = {http://www.iminds.be/nl/projecten/2014/03/07/fed4fire}
}

@ONLINE{iminds-jFed,
author = {iMinds},
title = {jFed : Java based framework to support SFA testbed federation client tools},
month = {mei},
year = {2014},
url = {http://jfed.iminds.be/}
}

@ONLINE{fire-geni,
author = {Piet Demeester (uGent)},
title = {Common roadmap of FIRE test facilities 4th version},
month = {mei},
year = {2013},
url = {http://www.ict-fire.eu/fileadmin/publications/deliverables/D3_7-pu-Common_roadmap_of_FIRE_test_facilities_%E2%80%93_Fourth_version_v1.0.pdf}
}

@ONLINE{geni-related,
author = {geni},
title = {GENI Related Projects},
month = {mei},
year = {2014},
url = {http://groups.geni.net/geni/wiki/RelatedProjects#GENIRelatedProjects}
}

@ONLINE{fed4fire-second-fed-arch,
author = {Brecht Vermeulen},
title = {D2.4 - Second federation architecture},
month = {maart},
year = {2014},
url = {http://www.fed4fire.eu/fileadmin/documents/public_deliverables/D2-4_Second_federation_architecture_Fed4FIRE_318389.pdf}
}

@ONLINE{geni-monitor,
author= {GENI},
title = {GENI Operational Monitoring Project},
month = {mei},
year = {2014},
url = {http://groups.geni.net/geni/wiki/OperationalMonitoring}
}

@ONLINE{geni-overview,
author = {GENI},
title = {Overview of Operational Monitoring},
month = {mei},
year = {2014},
url = {http://groups.geni.net/geni/wiki/OperationalMonitoring/Overview}
}

@ONLINE{geni-sfa,
author = {GENI},
title = {The GENI API},
month = {mei},
year = {2014},
url = {http://groups.geni.net/geni/wiki/GeniApi}
}

@ONLINE{SFA-overview,
author = {Larry Peterson and Robert Ricci and Aaron Falk and Jeff Chase},
title = {Slice-Based Federation Architecture},
month = {juli},
year = {2010},
url = {http://groups.geni.net/geni/attachment/wiki/SliceFedArch/SFA2.0.pdf}
}

@ONLINE{geni-RSpec,
author = {GENI},
title = {Resource Specification (RSpec)},
month = {Mei},
year = {2014},
url = {http://groups.geni.net/geni/wiki/GENIConcepts#TheGENIAMAPIandGENIRSpecs}
}

@ONLINE{psql-about,
author = {PostgreSQL},
title = {About},
month = {Mei},
year = {2014},
url = {http://www.postgresql.org/about/}
}

@ONLINE{php-about,
author = {php},
title = {Preface},
month = {Mei},
year = {2014},
url = {http://www.php.net/manual/en/preface.php}
}

@ONLINE{apache-about,
author = {Apache Software Foundation},
title = {Apache HTTP Server project},
month = {Mei},
year = {2014},
url = {http://httpd.apache.org/}
}

@ONLINE{java-about,
author = {Oracle},
title = {Learn About Java Technology},
month = {Mei},
year = {2014},
url = {http://www.java.com/en/about/}
}



AONLINE{,
author = {},
title = {},
month = ,
year = {},
url = {}
}


De lege verwijzingen mogen niet beginnen met het speciale at-teken. 
Kopieer en Plak de template die je nodig hebt en vervang dan de eerste a door een at-teken.

AONLINE{,
author = {},
title = {},
month = ,
year = {},
url = {}
}

Aarticle{,
author = {},
title = {},
journal = {},
year = {},
	volume = {},
	number = {},
	pages = {},
	note = {},
	month = {}
}
Abook{,
author = {},
title = {},
publisher = {},
year = {},
	volume = {},
	series = {},
	month = {},
	edition = {},
	address = {},
	note = {}
}

Ainbook{,
author = {},
title = {},
chapter = {},
pages = {},
publisher = {},
year = {},
	volume = {},
	series = {},
	type = {},
	address = {},
	month = {},
	edition = {},
	note = {}
}

Amastersthesis{,
author = {},
title = {},
school = {},
year = {},
	type = {Afstudeerwerk},
	address = {},
	month = {},
	note = {}
}
Aphdthesis{,
author = {},
title = {},
school = {},
year = {},
	type = {Doctoraatsthesis},
	address = {},
	month = {},
	note = {}
}
Aunpublished{,
author = {},
title = {},
note = {},
	month = {},
	year = {}
}
Ainproceedings{,
author = {},
title = {},
booktitle = {},
year = {},
	editor = {},
	volume = {},
	series = {},
	pages = {},
	address = {},
	month = {},
	organization = {},
	publisher = {},
	note = {}
}
Amanual{,
title = {},
	author = {},
	organization = {},
	address = {},
	edition = {},
	month = {},
	year = {},
	note = {}
}
Amisc{,
	author = {},
	title = {},
	howpublished = {},
	month = {},
	year = {},
	note = {}
}